<record><leader>00000cas a2200000 a 4500</leader><controlfield tag="001">36282091</controlfield><controlfield tag="007">hd afb---bacp</controlfield><controlfield tag="007">hd bfb---babp</controlfield><controlfield tag="008">970128d19631971sduwr nea    f0    0eng c</controlfield><datafield ind1=" " ind2=" " tag="010"><subfield code="a">sn 97047468 </subfield></datafield><datafield ind1=" " ind2=" " tag="040"><subfield code="a">WAU</subfield><subfield code="b">eng</subfield><subfield code="c">WAU</subfield><subfield code="d">OCLCQ</subfield><subfield code="d">OCLCF</subfield><subfield code="d">OCLCO</subfield></datafield><datafield ind1=" " ind2=" " tag="012"><subfield code="i">9701</subfield></datafield><datafield ind1="1" ind2=" " tag="029"><subfield code="a">AU@</subfield><subfield code="b">000013096013</subfield></datafield><datafield ind1=" " ind2=" " tag="042"><subfield code="a">pcc</subfield></datafield><datafield ind1=" " ind2=" " tag="043"><subfield code="a">n-us-sd</subfield></datafield><datafield ind1="0" ind2="0" tag="245"><subfield code="a">Rosebud Sioux herald</subfield><subfield code="h">[microform] =</subfield><subfield code="b">Eyapaha.</subfield></datafield><datafield ind1="3" ind2="0" tag="246"><subfield code="a">Sioux herald</subfield></datafield><datafield ind1="3" ind2="1" tag="246"><subfield code="a">Eyapaha</subfield></datafield><datafield ind1=" " ind2=" " tag="260"><subfield code="a">Rosebud, S.D. :</subfield><subfield code="b">Rosebud Sioux Tribe,</subfield><subfield code="c">1963-1971.</subfield></datafield><datafield ind1=" " ind2=" " tag="300"><subfield code="a">8 v.</subfield></datafield><datafield ind1=" " ind2=" " tag="310"><subfield code="a">Weekly,</subfield><subfield code="b">Aug. 18, 1969-1971</subfield></datafield><datafield ind1=" " ind2=" " tag="321"><subfield code="a">Biweekly,</subfield><subfield code="b">1963-Aug. 11, 1969</subfield></datafield><datafield ind1="0" ind2=" " tag="362"><subfield code="a">Vol. 1, no. 1 (Aug. 5, 1963)-v. 8, no. 43 (June 7, 1971).</subfield></datafield><datafield ind1=" " ind2=" " tag="500"><subfield code="a">Publication unnamed until second issue.</subfield></datafield><datafield ind1=" " ind2=" " tag="500"><subfield code="a">Printed by Sodak Printers, Winner, S.D.</subfield></datafield><datafield ind1=" " ind2=" " tag="550"><subfield code="a">Official newspaper of: Rosebud Sioux Tribe. Publisher's statement includes corporate seal of: Rosebud Sioux Tribal Council.</subfield></datafield><datafield ind1=" " ind2=" " tag="580"><subfield code="a">Merged with: Todd County tribune (Mission, S.D. : 1921), to form: Todd County tribune and eyapaha; and merged with: Mellette County news, to form: Mellette County news and eyapaha.</subfield></datafield><datafield ind1=" " ind2=" " tag="580"><subfield code="a">Includes as numbered sections with different publishers: Sicangu speaks; Voices of unity (Rosebud, S.D.); Warrier echo; Woyakapi; and: Indian (Rapid City, S.D.).</subfield></datafield><datafield ind1=" " ind2=" " tag="533"><subfield code="a">Microfilm.</subfield><subfield code="b">[Seattle, Wash.] :</subfield><subfield code="c">Filmed for the University of Washington Libraries,</subfield><subfield code="d">1987.</subfield><subfield code="e">1 microfilm reel ; 35 mm.</subfield><subfield code="n">Filmed with other titles.</subfield></datafield><datafield ind1="2" ind2="0" tag="610"><subfield code="a">Rosebud Sioux Tribe</subfield><subfield code="v">Newspapers.</subfield></datafield><datafield ind1=" " ind2="0" tag="650"><subfield code="a">Dakota Indians</subfield><subfield code="z">South Dakota</subfield><subfield code="v">Newspapers.</subfield></datafield><datafield ind1=" " ind2="0" tag="651"><subfield code="a">Rosebud (S.D.)</subfield><subfield code="v">Newspapers.</subfield></datafield><datafield ind1=" " ind2="0" tag="651"><subfield code="a">Todd County (S.D.)</subfield><subfield code="v">Newspapers.</subfield></datafield><datafield ind1=" " ind2="0" tag="651"><subfield code="a">Rosebud Indian Reservation (S.D.)</subfield><subfield code="v">Newspapers.</subfield></datafield><datafield ind1=" " ind2="7" tag="655"><subfield code="a">Newspapers.</subfield><subfield code="2">fast</subfield><subfield code="0">(OCoLC)fst01423814</subfield></datafield><datafield ind1="2" ind2="7" tag="610"><subfield code="a">Rosebud Sioux Tribe of the Rosebud Indian Reservation.</subfield><subfield code="2">fast</subfield><subfield code="0">(OCoLC)fst01725071</subfield></datafield><datafield ind1=" " ind2="7" tag="650"><subfield code="a">Dakota Indians.</subfield><subfield code="2">fast</subfield><subfield code="0">(OCoLC)fst00887107</subfield></datafield><datafield ind1=" " ind2="7" tag="651"><subfield code="a">South Dakota.</subfield><subfield code="2">fast</subfield><subfield code="0">(OCoLC)fst01204322</subfield></datafield><datafield ind1=" " ind2="7" tag="651"><subfield code="a">South Dakota</subfield><subfield code="z">Rosebud.</subfield><subfield code="2">fast</subfield><subfield code="0">(OCoLC)fst01279171</subfield></datafield><datafield ind1=" " ind2="7" tag="651"><subfield code="a">South Dakota</subfield><subfield code="z">Rosebud Indian Reservation.</subfield><subfield code="2">fast</subfield><subfield code="0">(OCoLC)fst01241612</subfield></datafield><datafield ind1=" " ind2="7" tag="651"><subfield code="a">South Dakota</subfield><subfield code="z">Todd County.</subfield><subfield code="2">fast</subfield><subfield code="0">(OCoLC)fst01213870</subfield></datafield><datafield ind1="1" ind2=" " tag="710"><subfield code="a">Rosebud Sioux Tribe of the Rosebud Indian Reservation, South Dakota.</subfield></datafield><datafield ind1=" " ind2=" " tag="752"><subfield code="a">United States</subfield><subfield code="b">South Dakota</subfield><subfield code="c">Todd</subfield><subfield code="d">Rosebud.</subfield></datafield><datafield ind1="1" ind2=" " tag="776"><subfield code="c">Original</subfield><subfield code="w">(DLC)sn 86091380</subfield><subfield code="w">(OCoLC)1764534</subfield></datafield><datafield ind1="1" ind2=" " tag="777"><subfield code="t">Sicangu speaks</subfield></datafield><datafield ind1="1" ind2=" " tag="777"><subfield code="t">Voices of unity (Rosebud, S.D.)</subfield></datafield><datafield ind1="1" ind2=" " tag="777"><subfield code="t">Warrior echo</subfield></datafield><datafield ind1="1" ind2=" " tag="777"><subfield code="t">Woyakapi</subfield></datafield><datafield ind1="1" ind2=" " tag="777"><subfield code="t">Indian (Rapid City, S.D.)</subfield></datafield><datafield ind1="0" ind2="0" tag="780"><subfield code="t">Reservation news</subfield></datafield><datafield ind1="0" ind2="0" tag="780"><subfield code="t">Sioux chronicle</subfield></datafield><datafield ind1="1" ind2="7" tag="785"><subfield code="t">Todd County tribune (Mission, S.D. : 1921)</subfield></datafield><datafield ind1="1" ind2="7" tag="785"><subfield code="t">Todd County tribune and eyapaha</subfield></datafield><datafield ind1="1" ind2="7" tag="785"><subfield code="t">Mellette County news</subfield></datafield><datafield ind1="1" ind2="7" tag="785"><subfield code="t">Mellette County news and eyapaha</subfield></datafield><datafield ind1=" " ind2=" " tag="850"><subfield code="a">WaU</subfield></datafield></record>